@article{article,
author = {Panahandeh, Ghazaleh and Mohammadiha, Nasser and Leijon, Arne and HÃ¤ndel, Peter},
year = {2013},
month = {05},
pages = {1073-1083},
title = {Continuous Hidden Markov Model for Pedestrian Activity Classification and Gait Analysis},
volume = {62},
booktitle = {Instrumentation and Measurement, IEEE Transactions on}
}