@article{SIMAO201732,
title = "Using data dimensionality reduction for recognition of incomplete dynamic gestures",
journal = "Pattern Recognition Letters",
volume = "99",
number = "Supplement C",
pages = "32 - 38",
year = "2017",
note = "User Profiling and Behavior Adaptation for Human-Robot Interaction",
issn = "0167-8655",
doi = "https://doi.org/10.1016/j.patrec.2017.01.003",
url = "http://www.sciencedirect.com/science/article/pii/S016786551730003X",
author = "Miguel Sim√£o and Pedro Neto and Olivier Gibaru",
keywords = "Gesture recognition, Data dimensionality reduction, Human-robot interaction"
}