@article{LIU2016100,
title = "Feature selection with effective distance",
journal = "Neurocomputing",
volume = "215",
number = "Supplement C",
pages = "100 - 109",
year = "2016",
note = "SI: Stereo Data",
issn = "0925-2312",
doi = "https://doi.org/10.1016/j.neucom.2015.07.155",
url = "http://www.sciencedirect.com/science/article/pii/S0925231216306336",
author = "Mingxia Liu and Daoqiang Zhang",
keywords = "Feature selection, Effective distance, Classification, Clustering, Sparse representation"
}