@article{HSU20118144,
title = "Hybrid feature selection by combining filters and wrappers",
journal = "Expert Systems with Applications",
volume = "38",
number = "7",
pages = "8144 - 8150",
year = "2011",
issn = "0957-4174",
doi = "https://doi.org/10.1016/j.eswa.2010.12.156",
url = "http://www.sciencedirect.com/science/article/pii/S0957417410015198",
author = "Hui-Huang Hsu and Cheng-Wei Hsieh and Ming-Da Lu",
keywords = "Feature selection, Filters, Wrappers, Support vector machine, Disordered protein, Microarray"
}