@article{ALIYARIGHASSABEH20151999,
title = "Fast incremental LDA feature extraction",
journal = "Pattern Recognition",
volume = "48",
number = "6",
pages = "1999 - 2012",
year = "2015",
issn = "0031-3203",
doi = "https://doi.org/10.1016/j.patcog.2014.12.012",
url = "http://www.sciencedirect.com/science/article/pii/S0031320314005214",
author = "Youness Aliyari Ghassabeh and Frank Rudzicz and Hamid Abrishami Moghaddam",
keywords = "Incremental linear discriminant analysis, Accelerated algorithm, Steepest descent method, Conjugate direction method, Feature extraction"
}