@article{SOLORIOFERNANDEZ2016866,
title = "A new hybrid filter–wrapper feature selection method for clustering based on ranking",
journal = "Neurocomputing",
volume = "214",
number = "Supplement C",
pages = "866 - 880",
year = "2016",
issn = "0925-2312",
doi = "https://doi.org/10.1016/j.neucom.2016.07.026",
url = "http://www.sciencedirect.com/science/article/pii/S0925231216307718",
author = "Saúl Solorio-Fernández and J. Ariel Carrasco-Ochoa and José Fco. Martínez-Trinidad",
keywords = "Feature selection for clustering, Feature ranking, Laplacian score, Weighted normalized Calinski–Harabasz index"
}