@article{article,
author = {Griffin, Timothy and Main, Russell and T Farley, Claire},
year = {2004},
month = {10},
pages = {3545-58},
title = {Biomechanics of quadrupedal walking: How do four-legged animals achieve inverted pendulum-like movements?},
volume = {207},
booktitle = {The Journal of experimental biology}
}