@article{HAN2013102,
title = "Feature subset selection using separability index matrix",
journal = "Information Sciences",
volume = "223",
number = "Supplement C",
pages = "102 - 118",
year = "2013",
issn = "0020-0255",
doi = "https://doi.org/10.1016/j.ins.2012.09.042",
url = "http://www.sciencedirect.com/science/article/pii/S0020025512006354",
author = "Jeong-Su Han and Sang Wan Lee and Zeungnam Bien",
keywords = "Feature subset selection, Filter method, Separability index matrix, EMG signal, Gait phase recognition"
}