@article{ERTUNC20011363,
title = "Tool wear condition monitoring in drilling operations using hidden Markov models (HMMs)",
journal = "International Journal of Machine Tools and Manufacture",
volume = "41",
number = "9",
pages = "1363 - 1384",
year = "2001",
issn = "0890-6955",
doi = "https://doi.org/10.1016/S0890-6955(00)00112-7",
url = "http://www.sciencedirect.com/science/article/pii/S0890695500001127",
author = "Huseyin M. Ertunc and Kenneth A. Loparo and Hasan Ocak",
keywords = "Drilling, Tool wear, Condition monitoring"
}