@unknown{unknown,
author = {Shi, Guangyi and Zou, Yuexian and Jin, Yufeng and Cui, Xiaole and Li, Wen},
year = {2009},
month = {03},
pages = {1762 - 1766},
title = {Towards HMM based Human Motion Recognition using MEMS Inertial Sensors}
}