@article{MAHVASH2008303,
title = "Two-phase flow pattern identification using continuous hidden Markov model",
journal = "International Journal of Multiphase Flow",
volume = "34",
number = "3",
pages = "303 - 311",
year = "2008",
issn = "0301-9322",
doi = "https://doi.org/10.1016/j.ijmultiphaseflow.2007.08.006",
url = "http://www.sciencedirect.com/science/article/pii/S0301932207001462",
author = "Ali Mahvash and Annie Ross",
keywords = "Pattern identification, Two-phase flow, Hidden Markov model, Optical probe"
}